[gd_scene load_steps=10 format=2]

[ext_resource path="res://gs_ludumdare/scenes/ludum_scores.tscn" type="PackedScene" id=1]
[ext_resource path="res://game_work/score_panel_work.tscn" type="PackedScene" id=2]
[ext_resource path="res://game_work/panel_work.tscn" type="PackedScene" id=3]
[ext_resource path="res://game_work/flat_button_style.tres" type="StyleBox" id=4]
[ext_resource path="res://game/fonts/game_font_32.tres" type="DynamicFont" id=5]
[ext_resource path="res://game/fonts/game_font_64.tres" type="DynamicFont" id=6]
[ext_resource path="res://game/scenes/scores.gd" type="Script" id=7]
[ext_resource path="res://game/entities/starfield_background.tscn" type="PackedScene" id=8]
[ext_resource path="res://game/fonts/game_font_16.tres" type="DynamicFont" id=9]

[node name="Scores" instance=ExtResource( 1 )]
script = ExtResource( 7 )
score_panel = ExtResource( 2 )

[node name="Panel" parent="Node" index="0" instance=ExtResource( 3 )]
margin_left = -408.0
margin_top = -222.0
margin_right = 408.0
margin_bottom = 158.0

[node name="MenuButton" parent="Node" index="1"]
anchor_left = 0.5
anchor_top = 1.0
anchor_right = 0.5
anchor_bottom = 1.0
margin_left = -50.0
margin_top = -96.0
margin_right = 50.0
margin_bottom = -48.0
custom_styles/hover = ExtResource( 4 )
custom_styles/focus = ExtResource( 4 )
custom_fonts/font = ExtResource( 5 )
text = "BACK"

[node name="Title" parent="Node" index="2"]
margin_top = 8.0
margin_bottom = 132.0
custom_fonts/normal_font = ExtResource( 6 )
bbcode_text = "[wave][center]scores[/center][/wave]"
text = "scores"

[node name="ScoreList" parent="Node" index="3"]
margin_left = -251.5
margin_top = -124.0
margin_right = 251.5
margin_bottom = 124.0
grow_horizontal = 1
grow_vertical = 1
size_flags_horizontal = 8
size_flags_vertical = 8
custom_constants/separation = 5
alignment = 0

[node name="LabelCopyright" parent="Node" index="4"]
custom_fonts/normal_font = ExtResource( 9 )

[node name="StarfieldBackground" parent="." index="1" instance=ExtResource( 8 )]
