[gd_scene load_steps=4 format=2]

[ext_resource path="res://game/fonts/game_font_64.tres" type="DynamicFont" id=1]
[ext_resource path="res://game/fonts/game_font_32.tres" type="DynamicFont" id=2]
[ext_resource path="res://game/scenes/win.gd" type="Script" id=3]



[node name="Win" type="Node"]
script = ExtResource( 3 )

[node name="Control" type="Control" parent="."]
anchor_right = 1.0
anchor_bottom = 1.0
margin_left = 11.9865
margin_right = 11.9865
__meta__ = {
"_edit_use_anchors_": false
}

[node name="WinTitle" type="RichTextLabel" parent="Control"]
anchor_left = 0.5
anchor_top = 0.5
anchor_right = 0.5
anchor_bottom = 0.5
margin_left = -339.942
margin_top = -219.853
margin_right = 238.058
margin_bottom = -40.8527
rect_rotation = -9.10252
custom_fonts/normal_font = ExtResource( 1 )
bbcode_enabled = true
bbcode_text = "
[center][shake]WINNER WINNER
CHICKEN DINNER[/shake][/center]"
meta_underlined = false
text = "
WINNER WINNER
CHICKEN DINNER"
fit_content_height = true
scroll_active = false
__meta__ = {
"_edit_use_anchors_": false
}

[node name="WinMessage" type="RichTextLabel" parent="Control"]
anchor_left = -0.35
anchor_top = -0.469
anchor_right = -0.35
anchor_bottom = -0.469
margin_left = 668.228
margin_top = 463.958
margin_right = 994.228
margin_bottom = 574.958
rect_rotation = 2.21181
bbcode_enabled = true
bbcode_text = "woah! you have the honor of joining an elite group of players that have managed to complete this game. enter your name and click the AWESOME button to show the weak players your accomplishment!"
text = "woah! you have the honor of joining an elite group of players that have managed to complete this game. enter your name and click the AWESOME button to show the weak players your accomplishment!"
__meta__ = {
"_edit_use_anchors_": false
}

[node name="LineEdit" type="LineEdit" parent="Control"]
visible = false
anchor_left = 0.5
anchor_top = 0.5
anchor_right = 0.5
anchor_bottom = 0.5
margin_left = -180.5
margin_top = 86.5
margin_right = 180.5
margin_bottom = 137.5
custom_fonts/font = ExtResource( 2 )
text = "name"
align = 1
max_length = 20
__meta__ = {
"_edit_use_anchors_": false
}

[node name="SubmitButton" type="Button" parent="Control"]
visible = false
anchor_left = 0.5
anchor_top = 0.5
anchor_right = 0.5
anchor_bottom = 0.5
margin_left = -80.5
margin_top = 154.5
margin_right = 80.5
margin_bottom = 197.5
custom_fonts/font = ExtResource( 2 )
text = "AWESOME"
__meta__ = {
"_edit_use_anchors_": false
}

[node name="HomeButton" type="Button" parent="Control"]
visible = false
anchor_left = 0.5
anchor_top = 0.5
anchor_right = 0.5
anchor_bottom = 0.5
margin_left = -80.5
margin_top = 154.5
margin_right = 80.5
margin_bottom = 197.5
custom_fonts/font = ExtResource( 2 )
text = "HOME"
__meta__ = {
"_edit_use_anchors_": false
}
[connection signal="focus_entered" from="Control/LineEdit" to="." method="_on_LineEdit_focus_entered"]
[connection signal="text_changed" from="Control/LineEdit" to="." method="_on_LineEdit_text_changed"]
[connection signal="pressed" from="Control/SubmitButton" to="." method="_on_SubmitButton_pressed"]
[connection signal="pressed" from="Control/HomeButton" to="." method="_on_HomeButton_pressed"]
