[gd_resource type="Resource" load_steps=9 format=2]

[ext_resource path="res://game/resources/level_manager_resource.gd" type="Script" id=1]
[ext_resource path="res://game/resources/level_resource.gd" type="Script" id=2]
[ext_resource path="res://game_work/level2_work.tscn" type="PackedScene" id=3]
[ext_resource path="res://game_work/level1_work.tscn" type="PackedScene" id=4]
[ext_resource path="res://game_work/level3_work.tscn" type="PackedScene" id=5]

[sub_resource type="Resource" id=1]
script = ExtResource( 2 )
level = ExtResource( 4 )
rotation_speed = 15.0
player_speed = 50.0
trail_speed = 75.0

[sub_resource type="Resource" id=2]
script = ExtResource( 2 )
level = ExtResource( 3 )
rotation_speed = 15.0
player_speed = 50.0
trail_speed = 75.0

[sub_resource type="Resource" id=3]
script = ExtResource( 2 )
level = ExtResource( 5 )
rotation_speed = 15.0
player_speed = 50.0
trail_speed = 75.0

[resource]
script = ExtResource( 1 )
levels = [ SubResource( 1 ), SubResource( 2 ), SubResource( 3 ) ]
